@article{l21,
    author =       "Pol Del Aguila Pla, Joakim Jaldén" 
    title =        "Cell detection by functional inverse diffusion and non-negative group sparsity—Part II: Proximal optimization and Performance evaluation",
    journal =      "IEEE Transactions on Signal Processing",
    volume =       "66",
    number =       "20",
    pages =        "5422-5437",
    year =         "2018",
    DOI =          " 10.1109/TSP.2018.2868256"
}

@book{boyd2004
  title     = "Convex Optimization",
  author    = "Boyd, Stephen and Vandenberghe, Lieven",
  year      = "2004",
  publisher = "Cambridge university press"
}
